\addcontentsline{toc}{section}{References}

% Example Reference
@article{Caliman,
    author = "Caliman, Florentina Anca and Gavrilescu, Maria",
    title = "Pharmaceuticals, Personal Care Products and Endocrine Disrupting Agents in the Environment – A Review",
    journal = "CLEAN – Soil, Air, Water",
    volume = "37",
    number = "4‐5",
    pages = "277-303",
    year = "2009",
}